@book{andrzej_kierzkowski_php5._2008,
	edition = {2},
	title = {{PHP}5. {Tworzenie} stron {WWW}. Ćwiczenia praktyczne},
	publisher = {Helion},
	author = {Andrzej Kierzkowski},
	month = oct,
	year = {2008}
}

@book{sztuczne_sieci_neuronowe,
	edition = {pierwsze},
	title = {Sztuczne sieci neuronowe},
	publisher = {Wydawnictwo naukowe PWN},
	author = {J.Żurada and M.Barski and W.Jędruch},
	month = sep,
	year = {1996}
}

@book{ssn_podstawy_zastosowania,
	title = {Sztuczne Sieci Neuronowe. Podstawy i Zastosowania},
	publisher = {Akademicka Oficyna Wydawnicza PLJ},
	author = {J.Korbicz and A,Obuchowicz and D.Uciński},
	year = {1994}
}

@book{ssn_do_przetwarzania_informacji,
	title = {Sieci neuronowe do przetwarzania informacji},
	publisher = {Oficyna Wydawcza Politechniki Warszawskiej},
	author = {Stanisław Ossowski},
	year = {2013}
}

@book{istota_inteligencji,
	title = {Istota inteligencji},
	publisher = {Wydawnictwo HELION},
	author = {Jeff Hawkins and Sandra Blakeslee},
	year = {2004}
}

@unpublished{Goodfellow-et-al-2016-Book,
    title={Deep Learning},
    author={Ian Goodfellow and Yoshua Bengio and Aaron Courville},
    note={Book in preparation for MIT Press},
    url={http://www.deeplearningbook.org},
    year={2016}
}

@unpublished{rms_prop,
    title={COURSERA: Neural Networks for Machine Learning},
    author={Geoffrey Hinton and Tijmen Teleman and Nitish Srivastava and Kevin Swersky},
    note={Lecture 6.5 - rmsprop},
    url={http://www.cs.toronto.edu/~tijmen/csc321/slides/lecture_slides_lec6.pdf},
    year={2012}
}

@book{perceptrons,
	title = {Perceptrons: an introduction to computational geometry},
	author = {Marvin Minsky and Seymour Papert},
	year = {1969}
}

@book{parallel_distributed_processing,
	title = {Parallel Distributed Processing: Explorations in the Microstructure of Cognition},
	author = {David E. Rumelhart and James L. McClelland},
	year = {1986}
}

@MISC { giodo,
 title = {{GIODO}: Regulation reform - current works},
 howpublished = {\url{https://www.giodo.gov.pl/pl/1520281/10255}},
 note = {Access: 2018-22-03}
}

@MISC { cuda,
 title = {Specyfikacja narzędzia CUDA},
 howpublished = {\url{http://docs.nvidia.com/cuda/#axzz4S39E6tCT}},
 note = {Dostęp: 2016-12-03}
}

@MISC { lenet,
 title = {Strona Yanna LeCun'a},
 howpublished = {\url{http://yann.lecun.com/exdb/lenet/}},
 note = {Dostęp: 2016-12-04}
}

@MISC { nvidia_feature_map,
 title = {Zastosowanie głębokich sieci neuronowych},
 howpublished = {\url{https://devblogs.nvidia.com/parallelforall/deep-learning-nutshell-core-concepts/}},
 note = {Dostęp: 2016-12-03}
}

@MISC { pycharm,
 title = {Dokumentacja PyCharm IDE},
 howpublished = {\url{https://www.jetbrains.com/help/pycharm/2016.3/meet-pycharm.html}},
 note = {Dostęp: 2016-12-06}
}

@MISC { Python2.7.12_doc,
 title = {Dokumentacja języka Python 2.7.12},
 howpublished = {\url{https://docs.python.org/release/2.7.12/}},
 note = {Dostęp: 2016-11-30}
}

@MISC { Numpy_doc,
 title = {Dokumentacja biblioteki Numpy},
 howpublished = {\url{https://docs.scipy.org/doc/numpy/reference/}},
 note = {Dostęp: 2016-11-30}
}

@MISC { Theano_doc,
 title = {Dokumentacja biblioteki Theano},
 howpublished = {\url{http://deeplearning.net/software/theano/}},
 note = {Dostęp: 2016-11-30}
}

@MISC { cPickle_doc,
 title = {Dokumentacja biblioteki cPickle},
 howpublished = {\url{http://www.jython.org/javadoc/org/python/modules/cPickle.html}},
 note = {Dostęp: 2016-11-30}
}

@MISC { McCulloch_Pitts_neuron_img,
 title = {Schemat neuronu McCullocha-Pittsa},
 howpublished = {\url{https://pl.wikipedia.org/wiki/Neuron_McCullocha-Pittsa}},
 note = {Dostęp: 2016-12-01}
}

@MISC{Goodfeli-et-al-2013,
       author = {Goodfellow, Ian and Erhan, Dumitru and Carrier, Pierre-Luc and Courville, Aaron and Mirza, Mehdi and Hamner, Ben and Cukierski, Will and Tang, Yichuan and Thaler, David and Lee, Dong-Hyun and Zhou, Yingbo and Ramaiah, Chetan and Feng, Fangxiang and Li, Ruifan and Wang, Xiaojie and Athanasakis, Dimitris and Shawe-Taylor, John and Milakov, Maxim and Park, John and Ionescu, Radu and Popescu, Marius and Grozea, Cristian and Bergstra, James and Xie, Jingjing and Romaszko, Lukasz and Xu, Bing and Chuang, Zhang and Bengio, Yoshua},
     keywords = {competition, dataset, representation learning},
        title = {Challenges in Representation Learning: A report on three machine learning contests},
         year = {2013},
  institution = {Unicer},
          url = {http://arxiv.org/abs/1307.0414},
     abstract = {The ICML 2013 Workshop on Challenges in Representation
Learning focused on three challenges: the black box learning challenge,
the facial expression recognition challenge, and the multimodal learn-
ing challenge. We describe the datasets created for these challenges and
summarize the results of the competitions. We provide suggestions for or-
ganizers of future challenges and some comments on what kind of knowl-
edge can be gained from machine learning competitions.

http://deeplearning.net/icml2013-workshop-competition}
}

@MISC{cohn_canade,
       author = {Lucey P and Cohn J F and Kanade T and Saragih J and Ambadar Z and Matthews I},
        title = {Cohn-Kanade+},
         year = {2010},
     abstract = {A complete expression dataset for action unit and emotion-specified expression. Proceedings of the Third International Workshop on CVPR for Human Communicative Behavior Analysis (CVPR4HB 2010), San Francisco, USA, 94-101}
}

@InProceedings{imfdb,
       author = {Shankar Setty and Moula Husain and Parisa Beham and Jyothi Gudavalli and Menaka Kandasamy and Radhesyam Vaddi and Vidyagouri Hemadri and J C Karure and Raja Raju and Rajan and Vijay Kumar and C V Jawahar},
       title = {{I}ndian {M}ovie {F}ace {D}atabase: {A} {B}enchmark for {F}ace {R}ecognition {U}nder {W}ide              {V}ariations},
       booktitle = {National Conference on Computer Vision, Pattern Recognition, Image Processing and Graphics              (NCVPRIPG)},
       month = {Dec},
       year = {2013},
       abstract = {http://cvit.iiit.ac.in/projects/IMFDB/}
}

@MISC{nottingham,
     title = {Nottingham face database},
     abstract = {http://pics.psych.stir.ac.uk/2D_face_sets.htm}
}

@MISC{jaffe,
       author = {Michael Lyons and Miyuki Kamachi and Jiro Gyoba},
        title = {The Japanese Female Facial Expression (JAFFE) Database },
         year = {2010},
     abstract = {The photos were taken at the Psychology Department in Kyushu University.

http://www.kasrl.org/jaffe.html.}
}


@MISC{kdef,
       author = {Lundqvist D and Flykt A and Öhman A },
        title = {The Karolinska Directed Emotional
Faces},
         year = {1998},
     abstract = {The Karolinska Directed Emotional Faces - KDEF, CD ROM from Department of Clinical Neuroscience, Psychology section, Karolinska Institutet, ISBN 91-630-7164-9}
}

@article{monkey_striate_cortex,
  Author = {David Hunter Hubel and Torsten Wiesel},
  Journal = {The Journal of Phisiology. 195(1):215-243  doi:10.1113/jphysiol.1968.sp008455},
  Title = {Receptive fields and functional architecture of monkey striate cortex},
  Year = {1968}
}